@ARTICLE{tag,
  author = {Список авторов},
  title = {Название статьи},
  year = {год},
  journal = {Название журнала}
}

@booklet{LATEX2,
 author    = {К.В.Воронцов},
 title     = {LATEX2ε в примерах},
 year      = 2005,
 lang=ru
}

@booklet{LATEX3,
 author    = {С.М.Львовский},
 title     = {LATEX: подробное описание},
 lang=ru
}


@booklet{LaTEX1,
 author    = {Х.Партль and  Э.Шлегл  and  И.Хина},
 title     = {LaTEX Краткое руководство},
 year      = 1998,
 lang=ru
}

@booklet{LaTEX1,
 author    = {Х.Партль and  Э.Шлегл  and  И.Хина},
 title     = {LaTEX Краткое руководство},
 year      = 1998,
 lang=ru
}
@misc{wiki1,
 url    = {https://ru.wikipedia.org/wiki/BibTeX},
 title     = {Википедия статья BibTeX},
 lang=ru
}

@misc{UrFU,
 title     = {https://vkr.urfu.ru/index.php/index/about},
 lang=ru
}

@booklet{pres1,
 url   = {http://statmod.ru/wiki/_media/study:fall2013:tex:06-beamer.pdf?id=study%3Afall2013%3Atex&cache=cache},
  author    = {А.Коробейников},
 title     = {LATEX — слайды и пакет Beamer},
  year      = 2013,
 lang=ru
}
